@article{UAE_exp,
  title={Investigation into rotor blade aerodynamics},
  author={Lindenburg, C},
  journal={Energy research Centre of the Netherlands (ECN) Wind Energy publication, ECN-C--03-025},
  year={2003}
}

@article{torque2020,
  title={Global sensitivity analysis of model uncertainty in aeroelastic wind turbine models},
  author={Kumar, P and Sanderse, B and Boorsma, K and Caboni, M},
  journal={Journal of Physics: Conference Series},
  year={2020}
}

@article{DanAero,
  title={The DanAero MW experiments: final report},
  author={Aagaard Madsen, H and Bak, C and Schmidt Paulsen, U and Gaunaa, M and Fuglsang, P and Romblad, J and Olesen, NA and Enevoldsen, P and Laursen, J and Jensen, Leo},
  journal={Danmarks Tekniske Universitet \& Ris{\o} National laboratory},
  year={2010}
}

@techreport{tunnel,
  title={Unsteady aerodynamics experiment phase VI: wind tunnel test configurations and available data campaigns},
  author={Hand, MM and Simms, DA and Fingersh, LJ and Jager, DW and Cotrell, JR and Schreck, S and Larwood, SM},
  year={2001},
  institution={National Renewable Energy Lab., Golden, CO.(US)}
}

@article{snel,
  title={Three-dimensional effects in stall},
  author={Montgomerie Jensen, BOG and Brand, AJ and Bosschers, J and Rooij, RPJOM van},
  year={1997},
  publisher={by: Publication date: ECN 1997}
}

@article{gelman,
  title={Inference from iterative simulation using multiple sequences},
  author={Gelman, Andrew and Rubin, Donald B and others},
  journal={Statistical science},
  volume={7},
  number={4},
  pages={457--472},
  year={1992},
  publisher={Institute of Mathematical Statistics}
}