@article{PabloMurciaThesis2016a,
author = {{Pablo Murcia Thesis}, Juan},
file = {:Users/sanderse/Dropbox/work/Mendeley/Pablo Murcia Thesis/Unknown/Pablo Murcia Thesis - 2016 - Uncertainty Quantification in Wind Farm Flow Models.pdf:pdf},
number = {December},
title = {{Uncertainty Quantification in Wind Farm Flow Models}},
year = {2016}
}
