@article{McKay,
author = {McKay, Phillip M. and Carriveau, Rupp and Ting, David S-K. and Johrendt, Jennifer L.},
title = {\textit{Global sensitivity analysis of wind turbine power output}},
journal = {Wind Energy},
volume = {17},
number = {7},
pages = {983-995},
doi = {10.1002/we.1614},
year = {2014}
}

@inbook{Robertson,
author = {Amy Robertson and Latha Sethuraman and Jason M. Jonkman},
title = {\textit{Assessment of Wind Parameter Sensitivity on Extreme and Fatigue Wind Turbine Loads}},
booktitle = {2018 Wind Energy Symposium},
chapter = {},
pages = {},
doi = {10.2514/6.2018-1728},
}

@article{Kelly_2014,
doi = {10.1088/1742-6596/524/1/012076},
year = 2014,
month = {jun},
publisher = {{IOP} Publishing},
volume = {524},
pages = {012076},
author = {M Kelly and G Larsen and N K Dimitrov and A Natarajan},
title = {\textit{Probabilistic Meteorological Characterization for Turbine Loads}},
journal = {Journal of Physics: Conference Series},
}

@book{MrSmith,
 author = {Smith, Ralph C.},
 title = {\textit{Uncertainty Quantification: Theory, Implementation, and Applications}},
 year = {2013},
 isbn = {161197321X, 9781611973211},
 publisher = {Society for Industrial and Applied Mathematics},
 address = {Philadelphia, PA, USA},
} 

@inbook{Petrone,
author = {Giovanni Petrone and Carlo de Nicola and Domenico Quagliarella and Jeroen Witteveen and Gianluca Iaccarino},
title = {Wind Turbine Performance Analysis Under Uncertainty},
booktitle = {49th AIAA Aerospace Sciences Meeting including the New Horizons Forum and Aerospace Exposition},
chapter = {},
pages = {},
doi = {10.2514/6.2011-544},
}

@article{Hansen1993,
author = {Hansen, A. C. and Butterfield, C. P.},
title = {Aerodynamics of Horizontal-Axis Wind Turbines},
journal = {Annual Review of Fluid Mechanics},
volume = {25},
number = {1},
pages = {115-149},
year = {1993},
doi = {10.1146/annurev.fl.25.010193.000555},
}

@book{HandBook,
 author = {Tony Burton ad Nick Jenkins and David Sharpe and Ervin Bossanyin},
 title = {\textit{Wind Energy Handbook, Second Edition}},
 year = {2001},
 doi = {10.1002/9781119992714},
 isbn = {9781119992714},
 publisher = { John Wiley \& Sons},
} 

@inproceedings{deBoor,
  title={A Practical Guide to Splines},
  author={Carl de Boor},
  booktitle={Applied Mathematical Sciences},
  year={1978}
}
